

@ARTICLE{2023ApJ...948...40O,
       author = {{O'Ryan}, David and {Mer{\'\i}n}, Bruno and {Simmons}, Brooke D. and {Vojtekov{\'a}}, Ant{\'o}nia and {Anku}, Anna and {Walmsley}, Mike and {Garland}, Izzy L. and {G{\'e}ron}, Tobias and {Keel}, William and {Kruk}, Sandor and {Lintott}, Chris J. and {Mantha}, Kameswara Bharadwaj and {Masters}, Karen L. and {Reerink}, Jan and {Smethurst}, Rebecca J. and {Thorne}, Matthew R.},
        title = "{Harnessing the Hubble Space Telescope Archives: A Catalog of 21,926 Interacting Galaxies}",
      journal = {\apj},
     keywords = {Interacting galaxies, Computational methods, Catalogs, 802, 1965, 205, Astrophysics - Astrophysics of Galaxies, Astrophysics - Instrumentation and Methods for Astrophysics},
         year = 2023,
        month = may,
       volume = {948},
       number = {1},
          eid = {40},
        pages = {40},
          doi = {10.3847/1538-4357/acc0ff},
archivePrefix = {arXiv},
       eprint = {2303.00366},
 primaryClass = {astro-ph.GA},
       adsurl = {https://ui.adsabs.harvard.edu/abs/2023ApJ...948...40O},
      adsnote = {Provided by the SAO/NASA Astrophysics Data System}
}

@ARTICLE{2023JOSS....8.5312W,
       author = {{Walmsley}, Mike and {Allen}, Campbell and {Aussel}, Ben and {Bowles}, Micah and {Gregorowicz}, Kasia and {Slijepcevic}, Inigo and {Lintott}, Chris and {Scaife}, Anna and {Jab{\l}o{\'n}ska}, Maja and {Karchev}, Kosio and {Lanzieri}, Denise and {Mohan}, Devina and {O'Ryan}, David and {Saiguhan}, Bharath and {Su{\'a}rez}, Crisel and {Guerra-Varas}, Nicol{\'a}s and {Velu}, Renuka},
        title = "{Zoobot: Adaptable Deep Learning Models for Galaxy Morphology}",
      journal = {The Journal of Open Source Software},
     keywords = {galaxy morphology, Python, deep learning, citizen science, Jupyter Notebook, statistics, astronomy, Dockerfile, HCL},
         year = 2023,
        month = may,
       volume = {8},
       number = {85},
          eid = {5312},
        pages = {5312},
          doi = {10.21105/joss.05312},
       adsurl = {https://ui.adsabs.harvard.edu/abs/2023JOSS....8.5312W},
      adsnote = {Provided by the SAO/NASA Astrophysics Data System}
}

@ARTICLE{2016A&C....16...26W,
       author = {{Wallin}, J.~F. and {Holincheck}, A.~J. and {Harvey}, A.},
        title = "{JSPAM: A restricted three-body code for simulating interacting galaxies}",
      journal = {Astronomy and Computing},
     keywords = {Galaxies: interactions, Methods: n-body simulations, Astrophysics - Astrophysics of Galaxies},
         year = 2016,
        month = jul,
       volume = {16},
        pages = {26-33},
          doi = {10.1016/j.ascom.2016.03.005},
archivePrefix = {arXiv},
       eprint = {1511.05041},
 primaryClass = {astro-ph.GA},
       adsurl = {https://ui.adsabs.harvard.edu/abs/2016A&C....16...26W},
      adsnote = {Provided by the SAO/NASA Astrophysics Data System}
}

@ARTICLE{2022ApJS..258...11W,
       author = {{Weaver}, J.~R. and {Kauffmann}, O.~B. and {Ilbert}, O. and {McCracken}, H.~J. and {Moneti}, A. and {Toft}, S. and {Brammer}, G. and {Shuntov}, M. and {Davidzon}, I. and {Hsieh}, B.~C. and {Laigle}, C. and {Anastasiou}, A. and {Jespersen}, C.~K. and {Vinther}, J. and {Capak}, P. and {Casey}, C.~M. and {McPartland}, C.~J.~R. and {Milvang-Jensen}, B. and {Mobasher}, B. and {Sanders}, D.~B. and {Zalesky}, L. and {Arnouts}, S. and {Aussel}, H. and {Dunlop}, J.~S. and {Faisst}, A. and {Franx}, M. and {Furtak}, L.~J. and {Fynbo}, J.~P.~U. and {Gould}, K.~M.~L. and {Greve}, T.~R. and {Gwyn}, S. and {Kartaltepe}, J.~S. and {Kashino}, D. and {Koekemoer}, A.~M. and {Kokorev}, V. and {Le F{\`e}vre}, O. and {Lilly}, S. and {Masters}, D. and {Magdis}, G. and {Mehta}, V. and {Peng}, Y. and {Riechers}, D.~A. and {Salvato}, M. and {Sawicki}, M. and {Scarlata}, C. and {Scoville}, N. and {Shirley}, R. and {Silverman}, J.~D. and {Sneppen}, A. and {SmolcÌ†i{\'c}}, V. and {Steinhardt}, C. and {Stern}, D. and {Tanaka}, M. and {Taniguchi}, Y. and {Teplitz}, H.~I. and {Vaccari}, M. and {Wang}, W. -H. and {Zamorani}, G.},
        title = "{COSMOS2020: A Panchromatic View of the Universe to z 10 from Two Complementary Catalogs}",
      journal = {\apjs},
     keywords = {205, 1671, 594, 734, 1234, 1145, 1043, Astrophysics - Astrophysics of Galaxies, Astrophysics - Cosmology and Nongalactic Astrophysics},
         year = 2022,
        month = jan,
       volume = {258},
       number = {1},
          eid = {11},
        pages = {11},
          doi = {10.3847/1538-4365/ac3078},
archivePrefix = {arXiv},
       eprint = {2110.13923},
 primaryClass = {astro-ph.GA},
       adsurl = {https://ui.adsabs.harvard.edu/abs/2022ApJS..258...11W},
      adsnote = {Provided by the SAO/NASA Astrophysics Data System}
}

@ARTICLE{2007ApJS..172...99C,
       author = {{Capak}, P. and {Aussel}, H. and {Ajiki}, M. and {McCracken}, H.~J. and {Mobasher}, B. and {Scoville}, N. and {Shopbell}, P. and {Taniguchi}, Y. and {Thompson}, D. and {Tribiano}, S. and {Sasaki}, S. and {Blain}, A.~W. and {Brusa}, M. and {Carilli}, C. and {Comastri}, A. and {Carollo}, C.~M. and {Cassata}, P. and {Colbert}, J. and {Ellis}, R.~S. and {Elvis}, M. and {Giavalisco}, M. and {Green}, W. and {Guzzo}, L. and {Hasinger}, G. and {Ilbert}, O. and {Impey}, C. and {Jahnke}, K. and {Kartaltepe}, J. and {Kneib}, J. -P. and {Koda}, J. and {Koekemoer}, A. and {Komiyama}, Y. and {Leauthaud}, A. and {Le Fevre}, O. and {Lilly}, S. and {Liu}, C. and {Massey}, R. and {Miyazaki}, S. and {Murayama}, T. and {Nagao}, T. and {Peacock}, J.~A. and {Pickles}, A. and {Porciani}, C. and {Renzini}, A. and {Rhodes}, J. and {Rich}, M. and {Salvato}, M. and {Sanders}, D.~B. and {Scarlata}, C. and {Schiminovich}, D. and {Schinnerer}, E. and {Scodeggio}, M. and {Sheth}, K. and {Shioya}, Y. and {Tasca}, L.~A.~M. and {Taylor}, J.~E. and {Yan}, L. and {Zamorani}, G.},
        title = "{The First Release COSMOS Optical and Near-IR Data and Catalog}",
      journal = {\apjs},
     keywords = {Cosmology: Observations, Galaxies: Evolution, Cosmology: Large-Scale Structure of Universe, Surveys, Astrophysics},
         year = 2007,
        month = sep,
       volume = {172},
       number = {1},
        pages = {99-116},
          doi = {10.1086/519081},
archivePrefix = {arXiv},
       eprint = {0704.2430},
 primaryClass = {astro-ph},
       adsurl = {https://ui.adsabs.harvard.edu/abs/2007ApJS..172...99C},
      adsnote = {Provided by the SAO/NASA Astrophysics Data System}
}

@ARTICLE{2016MNRAS.459..720H,
       author = {{Holincheck}, Anthony J. and {Wallin}, John F. and {Borne}, Kirk and {Fortson}, Lucy and {Lintott}, Chris and {Smith}, Arfon M. and {Bamford}, Steven and {Keel}, William C. and {Parrish}, Michael},
        title = "{Galaxy Zoo: Mergers - Dynamical models of interacting galaxies}",
      journal = {\mnras},
     keywords = {methods: numerical, galaxies: interactions, galaxies: kinematics and dynamics, galaxies: peculiar, Astrophysics - Astrophysics of Galaxies},
         year = 2016,
        month = jun,
       volume = {459},
       number = {1},
        pages = {720-745},
          doi = {10.1093/mnras/stw649},
archivePrefix = {arXiv},
       eprint = {1604.00435},
 primaryClass = {astro-ph.GA},
       adsurl = {https://ui.adsabs.harvard.edu/abs/2016MNRAS.459..720H},
      adsnote = {Provided by the SAO/NASA Astrophysics Data System}
}

@ARTICLE{2022MNRAS.513.1459M,
       author = {{Martin}, G. and {Bazkiaei}, A.~E. and {Spavone}, M. and {Iodice}, E. and {Mihos}, J.~C. and {Montes}, M. and {Benavides}, J.~A. and {Brough}, S. and {Carlin}, J.~L. and {Collins}, C.~A. and {Duc}, P.~A. and {G{\'o}mez}, F.~A. and {Galaz}, G. and {Hern{\'a}ndez-Toledo}, H.~M. and {Jackson}, R.~A. and {Kaviraj}, S. and {Knapen}, J.~H. and {Mart{\'\i}nez-Lombilla}, C. and {McGee}, S. and {O'Ryan}, D. and {Prole}, D.~J. and {Rich}, R.~M. and {Rom{\'a}n}, J. and {Shah}, E.~A. and {Starkenburg}, T.~K. and {Watkins}, A.~E. and {Zaritsky}, D. and {Pichon}, C. and {Armus}, L. and {Bianconi}, M. and {Buitrago}, F. and {Bus{\'a}}, I. and {Davis}, F. and {Demarco}, R. and {Desmons}, A. and {Garc{\'\i}a}, P. and {Graham}, A.~W. and {Holwerda}, B. and {Hon}, D.~S. -H. and {Khalid}, A. and {Klehammer}, J. and {Klutse}, D.~Y. and {Lazar}, I. and {Nair}, P. and {Noakes-Kettel}, E.~A. and {Rutkowski}, M. and {Saha}, K. and {Sahu}, N. and {Sola}, E. and {V{\'a}zquez-Mata}, J.~A. and {Vera-Casanova}, A. and {Yoon}, I.},
        title = "{Preparing for low surface brightness science with the Vera C. Rubin Observatory: Characterization of tidal features from mock images}",
      journal = {\mnras},
     keywords = {methods: numerical, galaxies: interactions, galaxies: structure, Astrophysics - Astrophysics of Galaxies},
         year = 2022,
        month = jun,
       volume = {513},
       number = {1},
        pages = {1459-1487},
          doi = {10.1093/mnras/stac1003},
archivePrefix = {arXiv},
       eprint = {2203.07675},
 primaryClass = {astro-ph.GA},
       adsurl = {https://ui.adsabs.harvard.edu/abs/2022MNRAS.513.1459M},
      adsnote = {Provided by the SAO/NASA Astrophysics Data System}
}

@ARTICLE{2010MNRAS.401.1552D,
       author = {{Darg}, D.~W. and {Kaviraj}, S. and {Lintott}, C.~J. and {Schawinski}, K. and {Sarzi}, M. and {Bamford}, S. and {Silk}, J. and {Andreescu}, D. and {Murray}, P. and {Nichol}, R.~C. and {Raddick}, M.~J. and {Slosar}, A. and {Szalay}, A.~S. and {Thomas}, D. and {Vandenberg}, J.},
        title = "{Galaxy Zoo: the properties of merging galaxies in the nearby Universe - local environments, colours, masses, star formation rates and AGN activity}",
      journal = {\mnras},
     keywords = {catalogues, galaxies: elliptical and lenticular, cD, galaxies: evolution, galaxies: general, galaxies: interactions, galaxies: spiral, Astrophysics - Astrophysics of Galaxies},
         year = 2010,
        month = jan,
       volume = {401},
       number = {3},
        pages = {1552-1563},
          doi = {10.1111/j.1365-2966.2009.15786.x},
archivePrefix = {arXiv},
       eprint = {0903.5057},
 primaryClass = {astro-ph.GA},
       adsurl = {https://ui.adsabs.harvard.edu/abs/2010MNRAS.401.1552D},
      adsnote = {Provided by the SAO/NASA Astrophysics Data System}
}

@ARTICLE{2022A&A...661A..52P,
       author = {{Pearson}, W.~J. and {Suelves}, L.~E. and {Ho}, S.~C. -C. and {Oi}, N. and {Brough}, S. and {Holwerda}, B.~W. and {Hopkins}, A.~M. and {Huang}, T. -C. and {Hwang}, H.~S. and {Kelvin}, L.~S. and {Kim}, S.~J. and {L{\'o}pez-S{\'a}nchez}, {\'A}. R. and {Ma{\l}ek}, K. and {Pearson}, C. and {Poliszczuk}, A. and {Pollo}, A. and {Rodriguez-Gomez}, V. and {Shim}, H. and {Toba}, Y. and {Wang}, L.},
        title = "{North Ecliptic Pole merging galaxy catalogue}",
      journal = {\aap},
     keywords = {catalogs, galaxies: interactions, galaxies: evolution, methods: data analysis, galaxies: statistics, Astrophysics - Astrophysics of Galaxies},
         year = 2022,
        month = may,
       volume = {661},
          eid = {A52},
        pages = {A52},
          doi = {10.1051/0004-6361/202141013},
archivePrefix = {arXiv},
       eprint = {2202.10780},
 primaryClass = {astro-ph.GA},
       adsurl = {https://ui.adsabs.harvard.edu/abs/2022A&A...661A..52P},
      adsnote = {Provided by the SAO/NASA Astrophysics Data System}
}

@ARTICLE{bertas..paper,
        author = {{Margalef-Bentabol}, B. and {Wang}, L. and {La Marca}, A. and {Blanco}, C. and {Chudy}, D. {Dominguez-Sanchez}, H. and {Guzman-Ortega}, A. and {Martin}, G. and {Pearson}, W. and {Rodriguez-Gomez}, V. and {Walmsley}, M. and {Bickley}, R. W. and {Bottrell}, C. and {Conselice}, C. and {O'Ryan}, D.},
        title = "{Galaxy Merger Challenge: A Comparison Study Between Machine Learning Detection Methods}",
        journal = {\aap},
        volume = {submitted},
        year= {sub},
}

@ARTICLE{mikes..paper,
        author = {{Walmsley}, M. and {Geron}, T. and {Kruk}, S. and {Scaife}, A. and {Lintott}, C. and {Masters}, K. and {Dawson}, J. and {Dickinson}, H and {Fortson}, L and {Garland}, I and {Mantha}, K. and {O'Ryan}, D. and {Popp}, J. and {Simmons}, B and {Baeten}, E. and {MacMillan}, C},
        title = "{Galaxy Zoo DESI: Detailed Morphology Measurements for 8.7M Galaxies in the DESI Legacy Imaging Surveys}",
        journal = {\mnras},
        volume = {submitted},
        year=2023,
}

@ARTICLE{2022MNRAS.509.3966W,
       author = {{Walmsley}, Mike and {Lintott}, Chris and {G{\'e}ron}, Tobias and {Kruk}, Sandor and {Krawczyk}, Coleman and {Willett}, Kyle W. and {Bamford}, Steven and {Kelvin}, Lee S. and {Fortson}, Lucy and {Gal}, Yarin and {Keel}, William and {Masters}, Karen L. and {Mehta}, Vihang and {Simmons}, Brooke D. and {Smethurst}, Rebecca and {Smith}, Lewis and {Baeten}, Elisabeth M. and {Macmillan}, Christine},
        title = "{Galaxy Zoo DECaLS: Detailed visual morphology measurements from volunteers and deep learning for 314 000 galaxies}",
      journal = {\mnras},
     keywords = {methods: data analysis, galaxies: bar, galaxies: general, galaxies: interactions, Astrophysics - Astrophysics of Galaxies, Computer Science - Computer Vision and Pattern Recognition},
         year = 2022,
        month = jan,
       volume = {509},
       number = {3},
        pages = {3966-3988},
          doi = {10.1093/mnras/stab2093},
archivePrefix = {arXiv},
       eprint = {2102.08414},
 primaryClass = {astro-ph.GA},
       adsurl = {https://ui.adsabs.harvard.edu/abs/2022MNRAS.509.3966W},
      adsnote = {Provided by the SAO/NASA Astrophysics Data System}
}

@ARTICLE{2008MNRAS.389.1179L,
       author = {{Lintott}, Chris J. and {Schawinski}, Kevin and {Slosar}, An{\v{z}}e and {Land}, Kate and {Bamford}, Steven and {Thomas}, Daniel and {Raddick}, M. Jordan and {Nichol}, Robert C. and {Szalay}, Alex and {Andreescu}, Dan and {Murray}, Phil and {Vandenberg}, Jan},
        title = "{Galaxy Zoo: morphologies derived from visual inspection of galaxies from the Sloan Digital Sky Survey}",
      journal = {\mnras},
     keywords = {methods: data analysis, galaxies: elliptical and lenticular, cD, galaxies: general, galaxies: spiral, Astrophysics},
         year = 2008,
        month = sep,
       volume = {389},
       number = {3},
        pages = {1179-1189},
          doi = {10.1111/j.1365-2966.2008.13689.x},
archivePrefix = {arXiv},
       eprint = {0804.4483},
 primaryClass = {astro-ph},
       adsurl = {https://ui.adsabs.harvard.edu/abs/2008MNRAS.389.1179L},
      adsnote = {Provided by the SAO/NASA Astrophysics Data System}
}

@ARTICLE{2008ApJ...686.1503B,
       author = {{Brammer}, Gabriel B. and {van Dokkum}, Pieter G. and {Coppi}, Paolo},
        title = "{EAZY: A Fast, Public Photometric Redshift Code}",
      journal = {\apj},
     keywords = {cosmology: observations, galaxies: evolution, galaxies: formation, Astrophysics},
         year = 2008,
        month = oct,
       volume = {686},
       number = {2},
        pages = {1503-1513},
          doi = {10.1086/591786},
archivePrefix = {arXiv},
       eprint = {0807.1533},
 primaryClass = {astro-ph},
       adsurl = {https://ui.adsabs.harvard.edu/abs/2008ApJ...686.1503B},
      adsnote = {Provided by the SAO/NASA Astrophysics Data System}
}

@ARTICLE{2009ApJ...700..221K,
       author = {{Kriek}, Mariska and {van Dokkum}, Pieter G. and {Labb{\'e}}, Ivo and {Franx}, Marijn and {Illingworth}, Garth D. and {Marchesini}, Danilo and {Quadri}, Ryan F.},
        title = "{An Ultra-Deep Near-Infrared Spectrum of a Compact Quiescent Galaxy at z = 2.2}",
      journal = {\apj},
     keywords = {galaxies: evolution, galaxies: formation, galaxies: high-redshift, Astrophysics - Cosmology and Extragalactic Astrophysics},
         year = 2009,
        month = jul,
       volume = {700},
       number = {1},
        pages = {221-231},
          doi = {10.1088/0004-637X/700/1/221},
archivePrefix = {arXiv},
       eprint = {0905.1692},
 primaryClass = {astro-ph.CO},
       adsurl = {https://ui.adsabs.harvard.edu/abs/2009ApJ...700..221K},
      adsnote = {Provided by the SAO/NASA Astrophysics Data System}
}

@ARTICLE{2017MNRAS.470.1559S,
       author = {{Simmons}, B.~D. and {Smethurst}, R.~J. and {Lintott}, C.},
        title = "{Supermassive black holes in disc-dominated galaxies outgrow their bulges and co-evolve with their host galaxies}",
      journal = {\mnras},
     keywords = {galaxies: active, galaxies: bulges, galaxies: evolution, galaxies: general, galaxies: spiral, Astrophysics - Astrophysics of Galaxies, Astrophysics - High Energy Astrophysical Phenomena},
         year = 2017,
        month = sep,
       volume = {470},
       number = {2},
        pages = {1559-1569},
          doi = {10.1093/mnras/stx1340},
archivePrefix = {arXiv},
       eprint = {1705.10793},
 primaryClass = {astro-ph.GA},
       adsurl = {https://ui.adsabs.harvard.edu/abs/2017MNRAS.470.1559S},
      adsnote = {Provided by the SAO/NASA Astrophysics Data System}
}

@ARTICLE{izzy..paper,
        author = {{Garland}, I and {Walmsley}, M and {Silcock}, M and {Potts}, L and {Smith}, J and {Simmons}, B and {Lintott}, C and {Smethurst}, R and {Dawson}, J and {Galloway}, M and {Masters}, K and {O'Ryan}, D and {Popp}, J},
        title = "{Galaxy Zoo DESI: Large-Scale Bars as a Secular Mechanism for Triggering AGN}",
        journal = {\mnras},
        volume = {submitted},
        year=2023,
}

@ARTICLE{2022MNRAS.510.4126S,
       author = {{Smethurst}, Rebecca J. and {Masters}, Karen L. and {Simmons}, Brooke D. and {Garland}, Izzy L. and {G{\'e}ron}, Tobias and {H{\"a}u{\ss}ler}, Boris and {Kruk}, Sandor and {Lintott}, Chris J. and {O'Ryan}, David and {Walmsley}, Mike},
        title = "{Quantifying the poor purity and completeness of morphological samples selected by galaxy colour}",
      journal = {\mnras},
     keywords = {galaxies: abundances, galaxies: disc, galaxies: elliptical and lenticular, cD, galaxies: evolution, galaxies: statistics, galaxies: structure, Astrophysics - Astrophysics of Galaxies},
         year = 2022,
        month = mar,
       volume = {510},
       number = {3},
        pages = {4126-4133},
          doi = {10.1093/mnras/stab3607},
archivePrefix = {arXiv},
       eprint = {2112.04507},
 primaryClass = {astro-ph.GA},
       adsurl = {https://ui.adsabs.harvard.edu/abs/2022MNRAS.510.4126S},
      adsnote = {Provided by the SAO/NASA Astrophysics Data System}
}

@ARTICLE{1972ApJ...178..623T,
       author = {{Toomre}, Alar and {Toomre}, Juri},
        title = "{Galactic Bridges and Tails}",
      journal = {\apj},
         year = 1972,
        month = dec,
       volume = {178},
        pages = {623-666},
          doi = {10.1086/151823},
       adsurl = {https://ui.adsabs.harvard.edu/abs/1972ApJ...178..623T},
      adsnote = {Provided by the SAO/NASA Astrophysics Data System}
}

@ARTICLE{2021MNRAS.503.3113M,
       author = {{Moreno}, Jorge and {Torrey}, Paul and {Ellison}, Sara L. and {Patton}, David R. and {Bottrell}, Connor and {Bluck}, Asa F.~L. and {Hani}, Maan H. and {Hayward}, Christopher C. and {Bullock}, James S. and {Hopkins}, Philip F. and {Hernquist}, Lars},
        title = "{Spatially resolved star formation and fuelling in galaxy interactions}",
      journal = {\mnras},
     keywords = {methods: numerical, ISM: structure, galaxies: evolution, galaxies: interactions, galaxies: starburst, galaxies: star formation, Astrophysics - Astrophysics of Galaxies, Astrophysics - Cosmology and Nongalactic Astrophysics},
         year = 2021,
        month = may,
       volume = {503},
       number = {3},
        pages = {3113-3133},
          doi = {10.1093/mnras/staa2952},
archivePrefix = {arXiv},
       eprint = {2009.11289},
 primaryClass = {astro-ph.GA},
       adsurl = {https://ui.adsabs.harvard.edu/abs/2021MNRAS.503.3113M},
      adsnote = {Provided by the SAO/NASA Astrophysics Data System}
}

@ARTICLE{2023RAA....23b5016D,
       author = {{Das}, Apashanka and {Pandey}, Biswajit and {Sarkar}, Suman},
        title = "{Galaxy Interactions in Filaments and Sheets: Effects of the Large-scale Structures Versus the Local Density}",
      journal = {Research in Astronomy and Astrophysics},
     keywords = {methods: statistical, methods: data analysis, galaxies: evolution, galaxies: interactions, (cosmology:) large-scale structure of universe, Astrophysics - Astrophysics of Galaxies, Astrophysics - Cosmology and Nongalactic Astrophysics},
         year = 2023,
        month = feb,
       volume = {23},
       number = {2},
          eid = {025016},
        pages = {025016},
          doi = {10.1088/1674-4527/acab44},
archivePrefix = {arXiv},
       eprint = {2209.14194},
 primaryClass = {astro-ph.GA},
       adsurl = {https://ui.adsabs.harvard.edu/abs/2023RAA....23b5016D},
      adsnote = {Provided by the SAO/NASA Astrophysics Data System}
}

@ARTICLE{2015ApJ...806..219C,
       author = {{Comerford}, Julia M. and {Pooley}, David and {Barrows}, R. Scott and {Greene}, Jenny E. and {Zakamska}, Nadia L. and {Madejski}, Greg M. and {Cooper}, Michael C.},
        title = "{Merger-driven Fueling of Active Galactic Nuclei: Six Dual and Offset AGNs Discovered with Chandra and Hubble Space Telescope Observations}",
      journal = {\apj},
     keywords = {galaxies: active, galaxies: interactions, galaxies: nuclei, Astrophysics - Astrophysics of Galaxies, Astrophysics - Cosmology and Nongalactic Astrophysics},
         year = 2015,
        month = jun,
       volume = {806},
       number = {2},
          eid = {219},
        pages = {219},
          doi = {10.1088/0004-637X/806/2/219},
archivePrefix = {arXiv},
       eprint = {1504.01391},
 primaryClass = {astro-ph.GA},
       adsurl = {https://ui.adsabs.harvard.edu/abs/2015ApJ...806..219C},
      adsnote = {Provided by the SAO/NASA Astrophysics Data System}
}

